%YAML 1.1
%TAG !u! tag:unity3d.com,2011:
--- !u!1 &9107828258022006609
GameObject:
  m_ObjectHideFlags: 0
  m_CorrespondingSourceObject: {fileID: 0}
  m_PrefabInstance: {fileID: 0}
  m_PrefabAsset: {fileID: 0}
  serializedVersion: 6
  m_Component:
  - component: {fileID: 9107828258022006608}
  m_Layer: 5
  m_Name: DefaultMenu
  m_TagString: Untagged
  m_Icon: {fileID: 0}
  m_NavMeshLayer: 0
  m_StaticEditorFlags: 0
  m_IsActive: 1
--- !u!224 &9107828258022006608
RectTransform:
  m_ObjectHideFlags: 0
  m_CorrespondingSourceObject: {fileID: 0}
  m_PrefabInstance: {fileID: 0}
  m_PrefabAsset: {fileID: 0}
  m_GameObject: {fileID: 9107828258022006609}
  m_LocalRotation: {x: 0, y: 0, z: 0, w: 1}
  m_LocalPosition: {x: 0, y: 0, z: 0}
  m_LocalScale: {x: 1, y: 1, z: 1}
  m_Children:
  - {fileID: 9107828258925773250}
  - {fileID: 9107828258035759845}
  - {fileID: 1899625477293527531}
  - {fileID: 4672586465569251431}
  - {fileID: 5526598123443630494}
  - {fileID: 6191653398953208414}
  m_Father: {fileID: 0}
  m_RootOrder: 0
  m_LocalEulerAnglesHint: {x: 0, y: 0, z: 0}
  m_AnchorMin: {x: 0, y: 0}
  m_AnchorMax: {x: 1, y: 1}
  m_AnchoredPosition: {x: 0, y: 0}
  m_SizeDelta: {x: 0, y: 0}
  m_Pivot: {x: 0.5, y: 0.5}
--- !u!1001 &1318196204932054455
PrefabInstance:
  m_ObjectHideFlags: 0
  serializedVersion: 2
  m_Modification:
    m_TransformParent: {fileID: 9107828258022006608}
    m_Modifications:
    - target: {fileID: 7795359307359796340, guid: df1ca8b3641761345bb909514f6feb0c, type: 3}
      propertyPath: m_Name
      value: DefaultPanel
      objectReference: {fileID: 0}
    - target: {fileID: 7795359307359796341, guid: df1ca8b3641761345bb909514f6feb0c, type: 3}
      propertyPath: m_Pivot.x
      value: 0.5
      objectReference: {fileID: 0}
    - target: {fileID: 7795359307359796341, guid: df1ca8b3641761345bb909514f6feb0c, type: 3}
      propertyPath: m_Pivot.y
      value: 0.5
      objectReference: {fileID: 0}
    - target: {fileID: 7795359307359796341, guid: df1ca8b3641761345bb909514f6feb0c, type: 3}
      propertyPath: m_RootOrder
      value: 0
      objectReference: {fileID: 0}
    - target: {fileID: 7795359307359796341, guid: df1ca8b3641761345bb909514f6feb0c, type: 3}
      propertyPath: m_AnchorMax.x
      value: 1
      objectReference: {fileID: 0}
    - target: {fileID: 7795359307359796341, guid: df1ca8b3641761345bb909514f6feb0c, type: 3}
      propertyPath: m_AnchorMax.y
      value: 1
      objectReference: {fileID: 0}
    - target: {fileID: 7795359307359796341, guid: df1ca8b3641761345bb909514f6feb0c, type: 3}
      propertyPath: m_AnchorMin.x
      value: 0
      objectReference: {fileID: 0}
    - target: {fileID: 7795359307359796341, guid: df1ca8b3641761345bb909514f6feb0c, type: 3}
      propertyPath: m_AnchorMin.y
      value: 0
      objectReference: {fileID: 0}
    - target: {fileID: 7795359307359796341, guid: df1ca8b3641761345bb909514f6feb0c, type: 3}
      propertyPath: m_SizeDelta.x
      value: -400
      objectReference: {fileID: 0}
    - target: {fileID: 7795359307359796341, guid: df1ca8b3641761345bb909514f6feb0c, type: 3}
      propertyPath: m_SizeDelta.y
      value: -340.00003
      objectReference: {fileID: 0}
    - target: {fileID: 7795359307359796341, guid: df1ca8b3641761345bb909514f6feb0c, type: 3}
      propertyPath: m_LocalPosition.x
      value: 0
      objectReference: {fileID: 0}
    - target: {fileID: 7795359307359796341, guid: df1ca8b3641761345bb909514f6feb0c, type: 3}
      propertyPath: m_LocalPosition.y
      value: 0
      objectReference: {fileID: 0}
    - target: {fileID: 7795359307359796341, guid: df1ca8b3641761345bb909514f6feb0c, type: 3}
      propertyPath: m_LocalPosition.z
      value: 0
      objectReference: {fileID: 0}
    - target: {fileID: 7795359307359796341, guid: df1ca8b3641761345bb909514f6feb0c, type: 3}
      propertyPath: m_LocalRotation.w
      value: 1
      objectReference: {fileID: 0}
    - target: {fileID: 7795359307359796341, guid: df1ca8b3641761345bb909514f6feb0c, type: 3}
      propertyPath: m_LocalRotation.x
      value: -0
      objectReference: {fileID: 0}
    - target: {fileID: 7795359307359796341, guid: df1ca8b3641761345bb909514f6feb0c, type: 3}
      propertyPath: m_LocalRotation.y
      value: -0
      objectReference: {fileID: 0}
    - target: {fileID: 7795359307359796341, guid: df1ca8b3641761345bb909514f6feb0c, type: 3}
      propertyPath: m_LocalRotation.z
      value: -0
      objectReference: {fileID: 0}
    - target: {fileID: 7795359307359796341, guid: df1ca8b3641761345bb909514f6feb0c, type: 3}
      propertyPath: m_AnchoredPosition.x
      value: 0
      objectReference: {fileID: 0}
    - target: {fileID: 7795359307359796341, guid: df1ca8b3641761345bb909514f6feb0c, type: 3}
      propertyPath: m_AnchoredPosition.y
      value: -69.99998
      objectReference: {fileID: 0}
    - target: {fileID: 7795359307359796341, guid: df1ca8b3641761345bb909514f6feb0c, type: 3}
      propertyPath: m_LocalEulerAnglesHint.x
      value: 0
      objectReference: {fileID: 0}
    - target: {fileID: 7795359307359796341, guid: df1ca8b3641761345bb909514f6feb0c, type: 3}
      propertyPath: m_LocalEulerAnglesHint.y
      value: 0
      objectReference: {fileID: 0}
    - target: {fileID: 7795359307359796341, guid: df1ca8b3641761345bb909514f6feb0c, type: 3}
      propertyPath: m_LocalEulerAnglesHint.z
      value: 0
      objectReference: {fileID: 0}
    m_RemovedComponents: []
  m_SourcePrefab: {fileID: 100100000, guid: df1ca8b3641761345bb909514f6feb0c, type: 3}
--- !u!224 &9107828258925773250 stripped
RectTransform:
  m_CorrespondingSourceObject: {fileID: 7795359307359796341, guid: df1ca8b3641761345bb909514f6feb0c, type: 3}
  m_PrefabInstance: {fileID: 1318196204932054455}
  m_PrefabAsset: {fileID: 0}
--- !u!1001 &1445066634380876087
PrefabInstance:
  m_ObjectHideFlags: 0
  serializedVersion: 2
  m_Modification:
    m_TransformParent: {fileID: 9107828258022006608}
    m_Modifications:
    - target: {fileID: 6112990878253922640, guid: 9ce5935c50f008c4582c60e9e4786c53, type: 3}
      propertyPath: m_Pivot.x
      value: 0.5
      objectReference: {fileID: 0}
    - target: {fileID: 6112990878253922640, guid: 9ce5935c50f008c4582c60e9e4786c53, type: 3}
      propertyPath: m_Pivot.y
      value: 0
      objectReference: {fileID: 0}
    - target: {fileID: 6112990878253922640, guid: 9ce5935c50f008c4582c60e9e4786c53, type: 3}
      propertyPath: m_RootOrder
      value: 3
      objectReference: {fileID: 0}
    - target: {fileID: 6112990878253922640, guid: 9ce5935c50f008c4582c60e9e4786c53, type: 3}
      propertyPath: m_AnchorMax.x
      value: 0.5
      objectReference: {fileID: 0}
    - target: {fileID: 6112990878253922640, guid: 9ce5935c50f008c4582c60e9e4786c53, type: 3}
      propertyPath: m_AnchorMax.y
      value: 0
      objectReference: {fileID: 0}
    - target: {fileID: 6112990878253922640, guid: 9ce5935c50f008c4582c60e9e4786c53, type: 3}
      propertyPath: m_AnchorMin.x
      value: 0.5
      objectReference: {fileID: 0}
    - target: {fileID: 6112990878253922640, guid: 9ce5935c50f008c4582c60e9e4786c53, type: 3}
      propertyPath: m_AnchorMin.y
      value: 0
      objectReference: {fileID: 0}
    - target: {fileID: 6112990878253922640, guid: 9ce5935c50f008c4582c60e9e4786c53, type: 3}
      propertyPath: m_SizeDelta.x
      value: 128
      objectReference: {fileID: 0}
    - target: {fileID: 6112990878253922640, guid: 9ce5935c50f008c4582c60e9e4786c53, type: 3}
      propertyPath: m_SizeDelta.y
      value: 128
      objectReference: {fileID: 0}
    - target: {fileID: 6112990878253922640, guid: 9ce5935c50f008c4582c60e9e4786c53, type: 3}
      propertyPath: m_LocalPosition.x
      value: 0
      objectReference: {fileID: 0}
    - target: {fileID: 6112990878253922640, guid: 9ce5935c50f008c4582c60e9e4786c53, type: 3}
      propertyPath: m_LocalPosition.y
      value: 0
      objectReference: {fileID: 0}
    - target: {fileID: 6112990878253922640, guid: 9ce5935c50f008c4582c60e9e4786c53, type: 3}
      propertyPath: m_LocalPosition.z
      value: 0
      objectReference: {fileID: 0}
    - target: {fileID: 6112990878253922640, guid: 9ce5935c50f008c4582c60e9e4786c53, type: 3}
      propertyPath: m_LocalRotation.w
      value: 1
      objectReference: {fileID: 0}
    - target: {fileID: 6112990878253922640, guid: 9ce5935c50f008c4582c60e9e4786c53, type: 3}
      propertyPath: m_LocalRotation.x
      value: -0
      objectReference: {fileID: 0}
    - target: {fileID: 6112990878253922640, guid: 9ce5935c50f008c4582c60e9e4786c53, type: 3}
      propertyPath: m_LocalRotation.y
      value: -0
      objectReference: {fileID: 0}
    - target: {fileID: 6112990878253922640, guid: 9ce5935c50f008c4582c60e9e4786c53, type: 3}
      propertyPath: m_LocalRotation.z
      value: -0
      objectReference: {fileID: 0}
    - target: {fileID: 6112990878253922640, guid: 9ce5935c50f008c4582c60e9e4786c53, type: 3}
      propertyPath: m_AnchoredPosition.x
      value: 256
      objectReference: {fileID: 0}
    - target: {fileID: 6112990878253922640, guid: 9ce5935c50f008c4582c60e9e4786c53, type: 3}
      propertyPath: m_AnchoredPosition.y
      value: 162
      objectReference: {fileID: 0}
    - target: {fileID: 6112990878253922640, guid: 9ce5935c50f008c4582c60e9e4786c53, type: 3}
      propertyPath: m_LocalEulerAnglesHint.x
      value: 0
      objectReference: {fileID: 0}
    - target: {fileID: 6112990878253922640, guid: 9ce5935c50f008c4582c60e9e4786c53, type: 3}
      propertyPath: m_LocalEulerAnglesHint.y
      value: 0
      objectReference: {fileID: 0}
    - target: {fileID: 6112990878253922640, guid: 9ce5935c50f008c4582c60e9e4786c53, type: 3}
      propertyPath: m_LocalEulerAnglesHint.z
      value: 0
      objectReference: {fileID: 0}
    - target: {fileID: 6112990878253922647, guid: 9ce5935c50f008c4582c60e9e4786c53, type: 3}
      propertyPath: m_Name
      value: DefaultArrow (Right)
      objectReference: {fileID: 0}
    m_RemovedComponents: []
  m_SourcePrefab: {fileID: 100100000, guid: 9ce5935c50f008c4582c60e9e4786c53, type: 3}
--- !u!224 &4672586465569251431 stripped
RectTransform:
  m_CorrespondingSourceObject: {fileID: 6112990878253922640, guid: 9ce5935c50f008c4582c60e9e4786c53, type: 3}
  m_PrefabInstance: {fileID: 1445066634380876087}
  m_PrefabAsset: {fileID: 0}
--- !u!1001 &1697251967793644820
PrefabInstance:
  m_ObjectHideFlags: 0
  serializedVersion: 2
  m_Modification:
    m_TransformParent: {fileID: 9107828258022006608}
    m_Modifications:
    - target: {fileID: 7631446495284183025, guid: 11e73d83c3fca974e9f1e1a71371e54b, type: 3}
      propertyPath: m_Pivot.x
      value: 0.5
      objectReference: {fileID: 0}
    - target: {fileID: 7631446495284183025, guid: 11e73d83c3fca974e9f1e1a71371e54b, type: 3}
      propertyPath: m_Pivot.y
      value: 1
      objectReference: {fileID: 0}
    - target: {fileID: 7631446495284183025, guid: 11e73d83c3fca974e9f1e1a71371e54b, type: 3}
      propertyPath: m_RootOrder
      value: 1
      objectReference: {fileID: 0}
    - target: {fileID: 7631446495284183025, guid: 11e73d83c3fca974e9f1e1a71371e54b, type: 3}
      propertyPath: m_AnchorMax.x
      value: 0.5
      objectReference: {fileID: 0}
    - target: {fileID: 7631446495284183025, guid: 11e73d83c3fca974e9f1e1a71371e54b, type: 3}
      propertyPath: m_AnchorMax.y
      value: 1
      objectReference: {fileID: 0}
    - target: {fileID: 7631446495284183025, guid: 11e73d83c3fca974e9f1e1a71371e54b, type: 3}
      propertyPath: m_AnchorMin.x
      value: 0.5
      objectReference: {fileID: 0}
    - target: {fileID: 7631446495284183025, guid: 11e73d83c3fca974e9f1e1a71371e54b, type: 3}
      propertyPath: m_AnchorMin.y
      value: 1
      objectReference: {fileID: 0}
    - target: {fileID: 7631446495284183025, guid: 11e73d83c3fca974e9f1e1a71371e54b, type: 3}
      propertyPath: m_SizeDelta.x
      value: 500
      objectReference: {fileID: 0}
    - target: {fileID: 7631446495284183025, guid: 11e73d83c3fca974e9f1e1a71371e54b, type: 3}
      propertyPath: m_SizeDelta.y
      value: 200
      objectReference: {fileID: 0}
    - target: {fileID: 7631446495284183025, guid: 11e73d83c3fca974e9f1e1a71371e54b, type: 3}
      propertyPath: m_LocalPosition.x
      value: 0
      objectReference: {fileID: 0}
    - target: {fileID: 7631446495284183025, guid: 11e73d83c3fca974e9f1e1a71371e54b, type: 3}
      propertyPath: m_LocalPosition.y
      value: 0
      objectReference: {fileID: 0}
    - target: {fileID: 7631446495284183025, guid: 11e73d83c3fca974e9f1e1a71371e54b, type: 3}
      propertyPath: m_LocalPosition.z
      value: 0
      objectReference: {fileID: 0}
    - target: {fileID: 7631446495284183025, guid: 11e73d83c3fca974e9f1e1a71371e54b, type: 3}
      propertyPath: m_LocalRotation.w
      value: 1
      objectReference: {fileID: 0}
    - target: {fileID: 7631446495284183025, guid: 11e73d83c3fca974e9f1e1a71371e54b, type: 3}
      propertyPath: m_LocalRotation.x
      value: -0
      objectReference: {fileID: 0}
    - target: {fileID: 7631446495284183025, guid: 11e73d83c3fca974e9f1e1a71371e54b, type: 3}
      propertyPath: m_LocalRotation.y
      value: -0
      objectReference: {fileID: 0}
    - target: {fileID: 7631446495284183025, guid: 11e73d83c3fca974e9f1e1a71371e54b, type: 3}
      propertyPath: m_LocalRotation.z
      value: -0
      objectReference: {fileID: 0}
    - target: {fileID: 7631446495284183025, guid: 11e73d83c3fca974e9f1e1a71371e54b, type: 3}
      propertyPath: m_AnchoredPosition.x
      value: 0
      objectReference: {fileID: 0}
    - target: {fileID: 7631446495284183025, guid: 11e73d83c3fca974e9f1e1a71371e54b, type: 3}
      propertyPath: m_AnchoredPosition.y
      value: -143
      objectReference: {fileID: 0}
    - target: {fileID: 7631446495284183025, guid: 11e73d83c3fca974e9f1e1a71371e54b, type: 3}
      propertyPath: m_LocalEulerAnglesHint.x
      value: 0
      objectReference: {fileID: 0}
    - target: {fileID: 7631446495284183025, guid: 11e73d83c3fca974e9f1e1a71371e54b, type: 3}
      propertyPath: m_LocalEulerAnglesHint.y
      value: 0
      objectReference: {fileID: 0}
    - target: {fileID: 7631446495284183025, guid: 11e73d83c3fca974e9f1e1a71371e54b, type: 3}
      propertyPath: m_LocalEulerAnglesHint.z
      value: 0
      objectReference: {fileID: 0}
    - target: {fileID: 7631446495284183030, guid: 11e73d83c3fca974e9f1e1a71371e54b, type: 3}
      propertyPath: m_Name
      value: DefaultBanner
      objectReference: {fileID: 0}
    m_RemovedComponents: []
  m_SourcePrefab: {fileID: 100100000, guid: 11e73d83c3fca974e9f1e1a71371e54b, type: 3}
--- !u!224 &9107828258035759845 stripped
RectTransform:
  m_CorrespondingSourceObject: {fileID: 7631446495284183025, guid: 11e73d83c3fca974e9f1e1a71371e54b, type: 3}
  m_PrefabInstance: {fileID: 1697251967793644820}
  m_PrefabAsset: {fileID: 0}
--- !u!1001 &1758619811269937358
PrefabInstance:
  m_ObjectHideFlags: 0
  serializedVersion: 2
  m_Modification:
    m_TransformParent: {fileID: 9107828258022006608}
    m_Modifications:
    - target: {fileID: 408900550799482076, guid: 9ce5935c50f008c4582c60e9e4786c53, type: 3}
      propertyPath: m_EffectDistance.y
      value: 10
      objectReference: {fileID: 0}
    - target: {fileID: 6112990878253922640, guid: 9ce5935c50f008c4582c60e9e4786c53, type: 3}
      propertyPath: m_Pivot.x
      value: 0.5
      objectReference: {fileID: 0}
    - target: {fileID: 6112990878253922640, guid: 9ce5935c50f008c4582c60e9e4786c53, type: 3}
      propertyPath: m_Pivot.y
      value: 0
      objectReference: {fileID: 0}
    - target: {fileID: 6112990878253922640, guid: 9ce5935c50f008c4582c60e9e4786c53, type: 3}
      propertyPath: m_RootOrder
      value: 4
      objectReference: {fileID: 0}
    - target: {fileID: 6112990878253922640, guid: 9ce5935c50f008c4582c60e9e4786c53, type: 3}
      propertyPath: m_AnchorMax.x
      value: 0.5
      objectReference: {fileID: 0}
    - target: {fileID: 6112990878253922640, guid: 9ce5935c50f008c4582c60e9e4786c53, type: 3}
      propertyPath: m_AnchorMax.y
      value: 0
      objectReference: {fileID: 0}
    - target: {fileID: 6112990878253922640, guid: 9ce5935c50f008c4582c60e9e4786c53, type: 3}
      propertyPath: m_AnchorMin.x
      value: 0.5
      objectReference: {fileID: 0}
    - target: {fileID: 6112990878253922640, guid: 9ce5935c50f008c4582c60e9e4786c53, type: 3}
      propertyPath: m_AnchorMin.y
      value: 0
      objectReference: {fileID: 0}
    - target: {fileID: 6112990878253922640, guid: 9ce5935c50f008c4582c60e9e4786c53, type: 3}
      propertyPath: m_SizeDelta.x
      value: 128
      objectReference: {fileID: 0}
    - target: {fileID: 6112990878253922640, guid: 9ce5935c50f008c4582c60e9e4786c53, type: 3}
      propertyPath: m_SizeDelta.y
      value: 128
      objectReference: {fileID: 0}
    - target: {fileID: 6112990878253922640, guid: 9ce5935c50f008c4582c60e9e4786c53, type: 3}
      propertyPath: m_LocalPosition.x
      value: 0
      objectReference: {fileID: 0}
    - target: {fileID: 6112990878253922640, guid: 9ce5935c50f008c4582c60e9e4786c53, type: 3}
      propertyPath: m_LocalPosition.y
      value: 0
      objectReference: {fileID: 0}
    - target: {fileID: 6112990878253922640, guid: 9ce5935c50f008c4582c60e9e4786c53, type: 3}
      propertyPath: m_LocalPosition.z
      value: 0
      objectReference: {fileID: 0}
    - target: {fileID: 6112990878253922640, guid: 9ce5935c50f008c4582c60e9e4786c53, type: 3}
      propertyPath: m_LocalRotation.w
      value: -0.00000035762784
      objectReference: {fileID: 0}
    - target: {fileID: 6112990878253922640, guid: 9ce5935c50f008c4582c60e9e4786c53, type: 3}
      propertyPath: m_LocalRotation.x
      value: -0
      objectReference: {fileID: 0}
    - target: {fileID: 6112990878253922640, guid: 9ce5935c50f008c4582c60e9e4786c53, type: 3}
      propertyPath: m_LocalRotation.y
      value: -0
      objectReference: {fileID: 0}
    - target: {fileID: 6112990878253922640, guid: 9ce5935c50f008c4582c60e9e4786c53, type: 3}
      propertyPath: m_LocalRotation.z
      value: 1
      objectReference: {fileID: 0}
    - target: {fileID: 6112990878253922640, guid: 9ce5935c50f008c4582c60e9e4786c53, type: 3}
      propertyPath: m_AnchoredPosition.x
      value: -256.00006
      objectReference: {fileID: 0}
    - target: {fileID: 6112990878253922640, guid: 9ce5935c50f008c4582c60e9e4786c53, type: 3}
      propertyPath: m_AnchoredPosition.y
      value: 290
      objectReference: {fileID: 0}
    - target: {fileID: 6112990878253922640, guid: 9ce5935c50f008c4582c60e9e4786c53, type: 3}
      propertyPath: m_LocalEulerAnglesHint.x
      value: 0
      objectReference: {fileID: 0}
    - target: {fileID: 6112990878253922640, guid: 9ce5935c50f008c4582c60e9e4786c53, type: 3}
      propertyPath: m_LocalEulerAnglesHint.y
      value: 0
      objectReference: {fileID: 0}
    - target: {fileID: 6112990878253922640, guid: 9ce5935c50f008c4582c60e9e4786c53, type: 3}
      propertyPath: m_LocalEulerAnglesHint.z
      value: 180
      objectReference: {fileID: 0}
    - target: {fileID: 6112990878253922647, guid: 9ce5935c50f008c4582c60e9e4786c53, type: 3}
      propertyPath: m_Name
      value: DefaultArrow (Left)
      objectReference: {fileID: 0}
    m_RemovedComponents: []
  m_SourcePrefab: {fileID: 100100000, guid: 9ce5935c50f008c4582c60e9e4786c53, type: 3}
--- !u!224 &5526598123443630494 stripped
RectTransform:
  m_CorrespondingSourceObject: {fileID: 6112990878253922640, guid: 9ce5935c50f008c4582c60e9e4786c53, type: 3}
  m_PrefabInstance: {fileID: 1758619811269937358}
  m_PrefabAsset: {fileID: 0}
--- !u!1001 &5414966658176133426
PrefabInstance:
  m_ObjectHideFlags: 0
  serializedVersion: 2
  m_Modification:
    m_TransformParent: {fileID: 9107828258022006608}
    m_Modifications:
    - target: {fileID: 5870723808153893081, guid: 9fe590b970ae40b46b95bb74f10baf4b, type: 3}
      propertyPath: m_Pivot.x
      value: 0.5
      objectReference: {fileID: 0}
    - target: {fileID: 5870723808153893081, guid: 9fe590b970ae40b46b95bb74f10baf4b, type: 3}
      propertyPath: m_Pivot.y
      value: 0
      objectReference: {fileID: 0}
    - target: {fileID: 5870723808153893081, guid: 9fe590b970ae40b46b95bb74f10baf4b, type: 3}
      propertyPath: m_RootOrder
      value: 2
      objectReference: {fileID: 0}
    - target: {fileID: 5870723808153893081, guid: 9fe590b970ae40b46b95bb74f10baf4b, type: 3}
      propertyPath: m_AnchorMax.x
      value: 0.5
      objectReference: {fileID: 0}
    - target: {fileID: 5870723808153893081, guid: 9fe590b970ae40b46b95bb74f10baf4b, type: 3}
      propertyPath: m_AnchorMax.y
      value: 0
      objectReference: {fileID: 0}
    - target: {fileID: 5870723808153893081, guid: 9fe590b970ae40b46b95bb74f10baf4b, type: 3}
      propertyPath: m_AnchorMin.x
      value: 0.5
      objectReference: {fileID: 0}
    - target: {fileID: 5870723808153893081, guid: 9fe590b970ae40b46b95bb74f10baf4b, type: 3}
      propertyPath: m_AnchorMin.y
      value: 0
      objectReference: {fileID: 0}
    - target: {fileID: 5870723808153893081, guid: 9fe590b970ae40b46b95bb74f10baf4b, type: 3}
      propertyPath: m_LocalScale.x
      value: 1
      objectReference: {fileID: 0}
    - target: {fileID: 5870723808153893081, guid: 9fe590b970ae40b46b95bb74f10baf4b, type: 3}
      propertyPath: m_LocalScale.y
      value: 1
      objectReference: {fileID: 0}
    - target: {fileID: 5870723808153893081, guid: 9fe590b970ae40b46b95bb74f10baf4b, type: 3}
      propertyPath: m_LocalScale.z
      value: 1
      objectReference: {fileID: 0}
    - target: {fileID: 5870723808153893081, guid: 9fe590b970ae40b46b95bb74f10baf4b, type: 3}
      propertyPath: m_LocalPosition.x
      value: 0
      objectReference: {fileID: 0}
    - target: {fileID: 5870723808153893081, guid: 9fe590b970ae40b46b95bb74f10baf4b, type: 3}
      propertyPath: m_LocalPosition.y
      value: 0
      objectReference: {fileID: 0}
    - target: {fileID: 5870723808153893081, guid: 9fe590b970ae40b46b95bb74f10baf4b, type: 3}
      propertyPath: m_LocalPosition.z
      value: 0
      objectReference: {fileID: 0}
    - target: {fileID: 5870723808153893081, guid: 9fe590b970ae40b46b95bb74f10baf4b, type: 3}
      propertyPath: m_LocalRotation.w
      value: 1
      objectReference: {fileID: 0}
    - target: {fileID: 5870723808153893081, guid: 9fe590b970ae40b46b95bb74f10baf4b, type: 3}
      propertyPath: m_LocalRotation.x
      value: -0
      objectReference: {fileID: 0}
    - target: {fileID: 5870723808153893081, guid: 9fe590b970ae40b46b95bb74f10baf4b, type: 3}
      propertyPath: m_LocalRotation.y
      value: -0
      objectReference: {fileID: 0}
    - target: {fileID: 5870723808153893081, guid: 9fe590b970ae40b46b95bb74f10baf4b, type: 3}
      propertyPath: m_LocalRotation.z
      value: -0
      objectReference: {fileID: 0}
    - target: {fileID: 5870723808153893081, guid: 9fe590b970ae40b46b95bb74f10baf4b, type: 3}
      propertyPath: m_AnchoredPosition.x
      value: 0
      objectReference: {fileID: 0}
    - target: {fileID: 5870723808153893081, guid: 9fe590b970ae40b46b95bb74f10baf4b, type: 3}
      propertyPath: m_AnchoredPosition.y
      value: 162
      objectReference: {fileID: 0}
    - target: {fileID: 5870723808153893081, guid: 9fe590b970ae40b46b95bb74f10baf4b, type: 3}
      propertyPath: m_LocalEulerAnglesHint.x
      value: 0
      objectReference: {fileID: 0}
    - target: {fileID: 5870723808153893081, guid: 9fe590b970ae40b46b95bb74f10baf4b, type: 3}
      propertyPath: m_LocalEulerAnglesHint.y
      value: 0
      objectReference: {fileID: 0}
    - target: {fileID: 5870723808153893081, guid: 9fe590b970ae40b46b95bb74f10baf4b, type: 3}
      propertyPath: m_LocalEulerAnglesHint.z
      value: 0
      objectReference: {fileID: 0}
    - target: {fileID: 5870723808153893086, guid: 9fe590b970ae40b46b95bb74f10baf4b, type: 3}
      propertyPath: m_Name
      value: DefaultButton
      objectReference: {fileID: 0}
    m_RemovedComponents: []
  m_SourcePrefab: {fileID: 100100000, guid: 9fe590b970ae40b46b95bb74f10baf4b, type: 3}
--- !u!224 &1899625477293527531 stripped
RectTransform:
  m_CorrespondingSourceObject: {fileID: 5870723808153893081, guid: 9fe590b970ae40b46b95bb74f10baf4b, type: 3}
  m_PrefabInstance: {fileID: 5414966658176133426}
  m_PrefabAsset: {fileID: 0}
--- !u!1001 &6441687805592193521
PrefabInstance:
  m_ObjectHideFlags: 0
  serializedVersion: 2
  m_Modification:
    m_TransformParent: {fileID: 9107828258022006608}
    m_Modifications:
    - target: {fileID: 903063104319644591, guid: 1c0b8aac94dbb934db990f6e614cf135, type: 3}
      propertyPath: m_Pivot.x
      value: 0.5
      objectReference: {fileID: 0}
    - target: {fileID: 903063104319644591, guid: 1c0b8aac94dbb934db990f6e614cf135, type: 3}
      propertyPath: m_Pivot.y
      value: 0.5
      objectReference: {fileID: 0}
    - target: {fileID: 903063104319644591, guid: 1c0b8aac94dbb934db990f6e614cf135, type: 3}
      propertyPath: m_RootOrder
      value: 5
      objectReference: {fileID: 0}
    - target: {fileID: 903063104319644591, guid: 1c0b8aac94dbb934db990f6e614cf135, type: 3}
      propertyPath: m_AnchorMax.x
      value: 1
      objectReference: {fileID: 0}
    - target: {fileID: 903063104319644591, guid: 1c0b8aac94dbb934db990f6e614cf135, type: 3}
      propertyPath: m_AnchorMax.y
      value: 1
      objectReference: {fileID: 0}
    - target: {fileID: 903063104319644591, guid: 1c0b8aac94dbb934db990f6e614cf135, type: 3}
      propertyPath: m_AnchorMin.x
      value: 0
      objectReference: {fileID: 0}
    - target: {fileID: 903063104319644591, guid: 1c0b8aac94dbb934db990f6e614cf135, type: 3}
      propertyPath: m_AnchorMin.y
      value: 0
      objectReference: {fileID: 0}
    - target: {fileID: 903063104319644591, guid: 1c0b8aac94dbb934db990f6e614cf135, type: 3}
      propertyPath: m_SizeDelta.x
      value: -670
      objectReference: {fileID: 0}
    - target: {fileID: 903063104319644591, guid: 1c0b8aac94dbb934db990f6e614cf135, type: 3}
      propertyPath: m_SizeDelta.y
      value: -684.04
      objectReference: {fileID: 0}
    - target: {fileID: 903063104319644591, guid: 1c0b8aac94dbb934db990f6e614cf135, type: 3}
      propertyPath: m_LocalPosition.x
      value: 0
      objectReference: {fileID: 0}
    - target: {fileID: 903063104319644591, guid: 1c0b8aac94dbb934db990f6e614cf135, type: 3}
      propertyPath: m_LocalPosition.y
      value: 0
      objectReference: {fileID: 0}
    - target: {fileID: 903063104319644591, guid: 1c0b8aac94dbb934db990f6e614cf135, type: 3}
      propertyPath: m_LocalPosition.z
      value: 0
      objectReference: {fileID: 0}
    - target: {fileID: 903063104319644591, guid: 1c0b8aac94dbb934db990f6e614cf135, type: 3}
      propertyPath: m_LocalRotation.w
      value: 1
      objectReference: {fileID: 0}
    - target: {fileID: 903063104319644591, guid: 1c0b8aac94dbb934db990f6e614cf135, type: 3}
      propertyPath: m_LocalRotation.x
      value: 0
      objectReference: {fileID: 0}
    - target: {fileID: 903063104319644591, guid: 1c0b8aac94dbb934db990f6e614cf135, type: 3}
      propertyPath: m_LocalRotation.y
      value: 0
      objectReference: {fileID: 0}
    - target: {fileID: 903063104319644591, guid: 1c0b8aac94dbb934db990f6e614cf135, type: 3}
      propertyPath: m_LocalRotation.z
      value: 0
      objectReference: {fileID: 0}
    - target: {fileID: 903063104319644591, guid: 1c0b8aac94dbb934db990f6e614cf135, type: 3}
      propertyPath: m_AnchoredPosition.x
      value: 0
      objectReference: {fileID: 0}
    - target: {fileID: 903063104319644591, guid: 1c0b8aac94dbb934db990f6e614cf135, type: 3}
      propertyPath: m_AnchoredPosition.y
      value: -32.97998
      objectReference: {fileID: 0}
    - target: {fileID: 903063104319644591, guid: 1c0b8aac94dbb934db990f6e614cf135, type: 3}
      propertyPath: m_LocalEulerAnglesHint.x
      value: 0
      objectReference: {fileID: 0}
    - target: {fileID: 903063104319644591, guid: 1c0b8aac94dbb934db990f6e614cf135, type: 3}
      propertyPath: m_LocalEulerAnglesHint.y
      value: 0
      objectReference: {fileID: 0}
    - target: {fileID: 903063104319644591, guid: 1c0b8aac94dbb934db990f6e614cf135, type: 3}
      propertyPath: m_LocalEulerAnglesHint.z
      value: 0
      objectReference: {fileID: 0}
    - target: {fileID: 2459775353754421273, guid: 1c0b8aac94dbb934db990f6e614cf135, type: 3}
      propertyPath: m_Name
      value: DefaultLayoutGroup
      objectReference: {fileID: 0}
    m_RemovedComponents: []
  m_SourcePrefab: {fileID: 100100000, guid: 1c0b8aac94dbb934db990f6e614cf135, type: 3}
--- !u!224 &6191653398953208414 stripped
RectTransform:
  m_CorrespondingSourceObject: {fileID: 903063104319644591, guid: 1c0b8aac94dbb934db990f6e614cf135, type: 3}
  m_PrefabInstance: {fileID: 6441687805592193521}
  m_PrefabAsset: {fileID: 0}
